[
    {
        "Date": "2000-03-31",
        "S&P Sales Revenue": "1441261.95",
        "Nominal GDP": "10002.18",
        "Sales Growth QoQ": "",
        "Sales": "",
        "GDP Growth QoQ": "",
        "GDP": ""
    },
    {
        "Date": "2000-06-30",
        "S&P Sales Revenue": "1508872.18",
        "Nominal GDP": "10247.72",
        "Sales Growth QoQ": "0.04691043845291265",
        "Sales": "1.0469104384529127",
        "GDP Growth QoQ": "0.024548648394649764",
        "GDP": "1.0245486483946498"
    },
    {
        "Date": "2000-09-30",
        "S&P Sales Revenue": "1563995.45",
        "Nominal GDP": "10318.17",
        "Sales Growth QoQ": "0.03653276316619469",
        "Sales": "1.08515696955713",
        "GDP Growth QoQ": "0.006874699933253625",
        "GDP": "1.0315921129193835"
    },
    {
        "Date": "2000-12-31",
        "S&P Sales Revenue": "1655470.0",
        "Nominal GDP": "10435.74",
        "Sales Growth QoQ": "0.05848773409155372",
        "Sales": "1.1486253418401835",
        "GDP Growth QoQ": "0.011394462390133198",
        "GDP": "1.0433465504520014"
    },
    {
        "Date": "2001-03-31",
        "S&P Sales Revenue": "1585647.33",
        "Nominal GDP": "10470.23",
        "Sales Growth QoQ": "-0.04217694672811945",
        "Sales": "1.1001798319868221",
        "GDP Growth QoQ": "0.0033049884339777513",
        "GDP": "1.046794798733876"
    },
    {
        "Date": "2001-06-30",
        "S&P Sales Revenue": "1586319.36",
        "Nominal GDP": "10599.0",
        "Sales Growth QoQ": "0.000423820598241198",
        "Sales": "1.1006461108613876",
        "GDP Growth QoQ": "0.012298679207620067",
        "GDP": "1.0596689921597091"
    },
    {
        "Date": "2001-09-30",
        "S&P Sales Revenue": "1535444.57",
        "Nominal GDP": "10598.02",
        "Sales Growth QoQ": "-0.03207096331472625",
        "Sales": "1.065347329817456",
        "GDP Growth QoQ": "-9.24615529767081e-05",
        "GDP": "1.0595710135190528"
    },
    {
        "Date": "2001-12-31",
        "S&P Sales Revenue": "1522708.67",
        "Nominal GDP": "10660.47",
        "Sales Growth QoQ": "-0.00829460095716783",
        "Sales": "1.056510698835836",
        "GDP Growth QoQ": "0.005892610129061726",
        "GDP": "1.0658146524057754"
    },
    {
        "Date": "2002-03-31",
        "S&P Sales Revenue": "1450616.52",
        "Nominal GDP": "10783.5",
        "Sales Growth QoQ": "-0.047344676903954275",
        "Sales": "1.0064905411538823",
        "GDP Growth QoQ": "0.011540766964308391",
        "GDP": "1.0781149709363358"
    },
    {
        "Date": "2002-06-30",
        "S&P Sales Revenue": "1460483.97",
        "Nominal GDP": "10887.46",
        "Sales Growth QoQ": "0.006802245709982557",
        "Sales": "1.0133369371195842",
        "GDP Growth QoQ": "0.009640654703945817",
        "GDP": "1.0885087051022875"
    },
    {
        "Date": "2002-09-30",
        "S&P Sales Revenue": "1483036.33",
        "Nominal GDP": "10984.04",
        "Sales Growth QoQ": "0.015441703204726043",
        "Sales": "1.028984585348971",
        "GDP Growth QoQ": "0.008870755897151472",
        "GDP": "1.0981646001171743"
    },
    {
        "Date": "2002-12-31",
        "S&P Sales Revenue": "1551046.81",
        "Nominal GDP": "11061.43",
        "Sales Growth QoQ": "0.045858943994986356",
        "Sales": "1.0761727318201937",
        "GDP Growth QoQ": "0.007045677182530241",
        "GDP": "1.1059019133828822"
    },
    {
        "Date": "2003-03-31",
        "S&P Sales Revenue": "1505202.02",
        "Nominal GDP": "11174.13",
        "Sales Growth QoQ": "-0.02955732199984351",
        "Sales": "1.044363947858333",
        "GDP Growth QoQ": "0.01018855609084901",
        "GDP": "1.117169457058361"
    },
    {
        "Date": "2003-06-30",
        "S&P Sales Revenue": "1547633.45",
        "Nominal GDP": "11312.77",
        "Sales Growth QoQ": "0.02818985719936773",
        "Sales": "1.0738044184126274",
        "GDP Growth QoQ": "0.012407229914096263",
        "GDP": "1.1310304353650902"
    },
    {
        "Date": "2003-09-30",
        "S&P Sales Revenue": "1597971.34",
        "Nominal GDP": "11566.67",
        "Sales Growth QoQ": "0.032525718541428716",
        "Sales": "1.108730678694459",
        "GDP Growth QoQ": "0.02244366322306557",
        "GDP": "1.1564149015514615"
    },
    {
        "Date": "2003-12-31",
        "S&P Sales Revenue": "1703656.02",
        "Nominal GDP": "11772.23",
        "Sales Growth QoQ": "0.06613678065089701",
        "Sales": "1.1820585563921946",
        "GDP Growth QoQ": "0.017771752803529495",
        "GDP": "1.176966421320152"
    },
    {
        "Date": "2004-03-31",
        "S&P Sales Revenue": "1661181.3",
        "Nominal GDP": "11923.45",
        "Sales Growth QoQ": "-0.024931511702696918",
        "Sales": "1.1525880496602297",
        "GDP Growth QoQ": "0.012845484670279239",
        "GDP": "1.1920851254426534"
    },
    {
        "Date": "2004-06-30",
        "S&P Sales Revenue": "1744317.96",
        "Nominal GDP": "12112.82",
        "Sales Growth QoQ": "0.0500467107353062",
        "Sales": "1.210271290378546",
        "GDP Growth QoQ": "0.01588214820374967",
        "GDP": "1.211017998076419"
    },
    {
        "Date": "2004-09-30",
        "S&P Sales Revenue": "1767436.04",
        "Nominal GDP": "12305.31",
        "Sales Growth QoQ": "0.01325336350948314",
        "Sales": "1.226311455735024",
        "GDP Growth QoQ": "0.015891427429781002",
        "GDP": "1.2302628027090092"
    },
    {
        "Date": "2004-12-31",
        "S&P Sales Revenue": "1918668.01",
        "Nominal GDP": "12527.21",
        "Sales Growth QoQ": "0.08556573849201343",
        "Sales": "1.3312417010662074",
        "GDP Growth QoQ": "0.018032865486525607",
        "GDP": "1.2524479663433368"
    },
    {
        "Date": "2005-03-31",
        "S&P Sales Revenue": "1805597.74",
        "Nominal GDP": "12767.29",
        "Sales Growth QoQ": "-0.05893164914966187",
        "Sales": "1.2527894322055746",
        "GDP Growth QoQ": "0.01916468231952706",
        "GDP": "1.2764507337400446"
    },
    {
        "Date": "2005-06-30",
        "S&P Sales Revenue": "1900264.02",
        "Nominal GDP": "12922.66",
        "Sales Growth QoQ": "0.05242933013418605",
        "Sales": "1.3184723429353002",
        "GDP Growth QoQ": "0.012169379719580098",
        "GDP": "1.2919843474122639"
    },
    {
        "Date": "2005-09-30",
        "S&P Sales Revenue": "1953260.35",
        "Nominal GDP": "13142.64",
        "Sales Growth QoQ": "0.027888929876175972",
        "Sales": "1.3552431256511002",
        "GDP Growth QoQ": "0.017022811093072132",
        "GDP": "1.313977552893469"
    },
    {
        "Date": "2005-12-31",
        "S&P Sales Revenue": "2089111.83",
        "Nominal GDP": "13324.2",
        "Sales Growth QoQ": "0.06955113792178302",
        "Sales": "1.4495018272008082",
        "GDP Growth QoQ": "0.013814576066909057",
        "GDP": "1.3321295957481267"
    },
    {
        "Date": "2006-03-31",
        "S&P Sales Revenue": "1994261.21",
        "Nominal GDP": "13599.16",
        "Sales Growth QoQ": "-0.04540236603801151",
        "Sales": "1.3836910146694705",
        "GDP Growth QoQ": "0.020636135752990725",
        "GDP": "1.3596196029265617"
    },
    {
        "Date": "2006-06-30",
        "S&P Sales Revenue": "2028645.11",
        "Nominal GDP": "13753.42",
        "Sales Growth QoQ": "0.017241422451374833",
        "Sales": "1.4075478159955583",
        "GDP Growth QoQ": "0.011343347677356563",
        "GDP": "1.3750422407915073"
    },
    {
        "Date": "2006-09-30",
        "S&P Sales Revenue": "2088825.77",
        "Nominal GDP": "13870.19",
        "Sales Growth QoQ": "0.029665445031930693",
        "Sales": "1.4493033483607887",
        "GDP Growth QoQ": "0.008490251879168964",
        "GDP": "1.386716695760324"
    },
    {
        "Date": "2006-12-31",
        "S&P Sales Revenue": "2192960.39",
        "Nominal GDP": "14039.56",
        "Sales Growth QoQ": "0.04985318617550383",
        "Sales": "1.5215557380114002",
        "GDP Growth QoQ": "0.01221108002125404",
        "GDP": "1.4036500042990623"
    },
    {
        "Date": "2007-03-31",
        "S&P Sales Revenue": "2121256.58",
        "Nominal GDP": "14215.65",
        "Sales Growth QoQ": "-0.03269726636512571",
        "Sales": "1.471805024756256",
        "GDP Growth QoQ": "0.012542415859186473",
        "GDP": "1.42125516637373"
    },
    {
        "Date": "2007-06-30",
        "S&P Sales Revenue": "2214819.41",
        "Nominal GDP": "14402.08",
        "Sales Growth QoQ": "0.044107266835207604",
        "Sales": "1.5367223217125794",
        "GDP Growth QoQ": "0.0131144196712778",
        "GDP": "1.439894103085527"
    },
    {
        "Date": "2007-09-30",
        "S&P Sales Revenue": "2224987.41",
        "Nominal GDP": "14564.12",
        "Sales Growth QoQ": "0.004590893485081127",
        "Sales": "1.5437772502077085",
        "GDP Growth QoQ": "0.011251152611289506",
        "GDP": "1.4560945713834381"
    },
    {
        "Date": "2007-12-31",
        "S&P Sales Revenue": "2308116.23",
        "Nominal GDP": "14715.06",
        "Sales Growth QoQ": "0.037361478822929506",
        "Sales": "1.601455051248664",
        "GDP Growth QoQ": "0.010363825620772094",
        "GDP": "1.471185281608609"
    },
    {
        "Date": "2008-03-31",
        "S&P Sales Revenue": "2297869.98",
        "Nominal GDP": "14706.54",
        "Sales Growth QoQ": "-0.004439226182296752",
        "Sales": "1.5943458300553897",
        "GDP Growth QoQ": "-0.0005789986585170714",
        "GDP": "1.4703334673041277"
    },
    {
        "Date": "2008-06-30",
        "S&P Sales Revenue": "2430153.14",
        "Nominal GDP": "14865.7",
        "Sales Growth QoQ": "0.0575677306163338",
        "Sales": "1.6861287013092934",
        "GDP Growth QoQ": "0.010822396022449832",
        "GDP": "1.4862459983723548"
    },
    {
        "Date": "2008-09-30",
        "S&P Sales Revenue": "2381639.88",
        "Nominal GDP": "14899.0",
        "Sales Growth QoQ": "-0.019963046444060772",
        "Sales": "1.6524684357343922",
        "GDP Growth QoQ": "0.0022400559677646648",
        "GDP": "1.489575272590575"
    },
    {
        "Date": "2008-12-31",
        "S&P Sales Revenue": "2058196.94",
        "Nominal GDP": "14608.21",
        "Sales Growth QoQ": "-0.13580682063486438",
        "Sales": "1.4280519512778367",
        "GDP Growth QoQ": "-0.019517417276327276",
        "GDP": "1.460502610430926"
    },
    {
        "Date": "2009-03-31",
        "S&P Sales Revenue": "1974460.0",
        "Nominal GDP": "14430.9",
        "Sales Growth QoQ": "-0.04068461009372604",
        "Sales": "1.3699522144465133",
        "GDP Growth QoQ": "-0.012137695172782959",
        "GDP": "1.4427754749464616"
    },
    {
        "Date": "2009-06-30",
        "S&P Sales Revenue": "2022317.0",
        "Nominal GDP": "14381.24",
        "Sales Growth QoQ": "0.024238019509131625",
        "Sales": "1.403157142946846",
        "GDP Growth QoQ": "-0.0034412268119105027",
        "GDP": "1.437810557298509"
    },
    {
        "Date": "2009-09-30",
        "S&P Sales Revenue": "2046302.0",
        "Nominal GDP": "14448.88",
        "Sales Growth QoQ": "0.011860158422245304",
        "Sales": "1.4197988089535005",
        "GDP Growth QoQ": "0.00470334964161645",
        "GDP": "1.4445730830678911"
    },
    {
        "Date": "2009-12-31",
        "S&P Sales Revenue": "2165118.0",
        "Nominal GDP": "14651.25",
        "Sales Growth QoQ": "0.058063765758915364",
        "Sales": "1.5022376744213637",
        "GDP Growth QoQ": "0.014005929871381051",
        "GDP": "1.4648056723634246"
    },
    {
        "Date": "2010-03-31",
        "S&P Sales Revenue": "2172407.0",
        "Nominal GDP": "14764.61",
        "Sales Growth QoQ": "0.0033665601597696604",
        "Sales": "1.5072950479265756",
        "GDP Growth QoQ": "0.007737223786366432",
        "GDP": "1.4761392016540393"
    },
    {
        "Date": "2010-06-30",
        "S&P Sales Revenue": "2223401.0",
        "Nominal GDP": "14980.19",
        "Sales Growth QoQ": "0.023473501972696598",
        "Sales": "1.5426765412075159",
        "GDP Growth QoQ": "0.014601130676665353",
        "GDP": "1.4976925030343384"
    },
    {
        "Date": "2010-09-30",
        "S&P Sales Revenue": "2269656.0",
        "Nominal GDP": "15141.61",
        "Sales Growth QoQ": "0.02080371466955344",
        "Sales": "1.5747699437982106",
        "GDP Growth QoQ": "0.010775564261868542",
        "GDP": "1.5138309848453038"
    },
    {
        "Date": "2010-12-31",
        "S&P Sales Revenue": "2408143.0",
        "Nominal GDP": "15309.47",
        "Sales Growth QoQ": "0.061016735575787795",
        "Sales": "1.6708572650516442",
        "GDP Growth QoQ": "0.011086007366455597",
        "GDP": "1.5306133262948676"
    },
    {
        "Date": "2011-03-31",
        "S&P Sales Revenue": "2394814.0",
        "Nominal GDP": "15351.45",
        "Sales Growth QoQ": "-0.005534970306995901",
        "Sales": "1.661609119702355",
        "GDP Growth QoQ": "0.0027420936191782097",
        "GDP": "1.5348104113303298"
    },
    {
        "Date": "2011-06-30",
        "S&P Sales Revenue": "2490849.0",
        "Nominal GDP": "15557.54",
        "Sales Growth QoQ": "0.04010123541953581",
        "Sales": "1.7282416981867867",
        "GDP Growth QoQ": "0.013424790492103433",
        "GDP": "1.5554149195475386"
    },
    {
        "Date": "2011-09-30",
        "S&P Sales Revenue": "2530707.0",
        "Nominal GDP": "15647.68",
        "Sales Growth QoQ": "0.016001772889484567",
        "Sales": "1.7558966293393088",
        "GDP Growth QoQ": "0.00579397514002844",
        "GDP": "1.5644269549238263"
    },
    {
        "Date": "2011-12-31",
        "S&P Sales Revenue": "2604645.0",
        "Nominal GDP": "15842.26",
        "Sales Growth QoQ": "0.029216341520373446",
        "Sales": "1.8071975049365587",
        "GDP Growth QoQ": "0.012435070246835211",
        "GDP": "1.5838807140043467"
    },
    {
        "Date": "2012-03-31",
        "S&P Sales Revenue": "2549887.0",
        "Nominal GDP": "16068.81",
        "Sales Growth QoQ": "-0.0210232104567033",
        "Sales": "1.7692044114534484",
        "GDP Growth QoQ": "0.014300358660948476",
        "GDP": "1.6065307762907681"
    },
    {
        "Date": "2012-06-30",
        "S&P Sales Revenue": "2550401.0",
        "Nominal GDP": "16207.12",
        "Sales Growth QoQ": "0.00020157756010363848",
        "Sales": "1.769561043362034",
        "GDP Growth QoQ": "0.008607357981082586",
        "GDP": "1.6203587617899293"
    },
    {
        "Date": "2012-09-30",
        "S&P Sales Revenue": "2552782.0",
        "Nominal GDP": "16319.54",
        "Sales Growth QoQ": "0.000933578680372138",
        "Sales": "1.7712130678257338",
        "GDP Growth QoQ": "0.006936457556925513",
        "GDP": "1.6315983115680774"
    },
    {
        "Date": "2012-12-31",
        "S&P Sales Revenue": "2714377.0",
        "Nominal GDP": "16420.42",
        "Sales Growth QoQ": "0.06330152750998708",
        "Sales": "1.8833335605647532",
        "GDP Growth QoQ": "0.006181546783794012",
        "GDP": "1.6416841128633948"
    },
    {
        "Date": "2013-03-31",
        "S&P Sales Revenue": "2551710.0",
        "Nominal GDP": "16648.19",
        "Sales Growth QoQ": "-0.05992793189744827",
        "Sales": "1.7704692752070499",
        "GDP Growth QoQ": "0.013871143369049044",
        "GDP": "1.664456148559613"
    },
    {
        "Date": "2013-06-30",
        "S&P Sales Revenue": "2628153.0",
        "Nominal GDP": "16728.69",
        "Sales Growth QoQ": "0.029957557872955842",
        "Sales": "1.8235082109813552",
        "GDP Growth QoQ": "0.004835360480628825",
        "GDP": "1.6725043940420978"
    },
    {
        "Date": "2013-09-30",
        "S&P Sales Revenue": "2651916.0",
        "Nominal GDP": "16953.84",
        "Sales Growth QoQ": "0.009041711041936962",
        "Sales": "1.839995845307648",
        "GDP Growth QoQ": "0.013458913997449917",
        "GDP": "1.6950144868418675"
    },
    {
        "Date": "2013-12-31",
        "S&P Sales Revenue": "2754080.0",
        "Nominal GDP": "17192.02",
        "Sales Growth QoQ": "0.03852459881836379",
        "Sales": "1.9108809470755812",
        "GDP Growth QoQ": "0.014048734681936459",
        "GDP": "1.7188272956495476"
    },
    {
        "Date": "2014-03-31",
        "S&P Sales Revenue": "2639007.0",
        "Nominal GDP": "17197.74",
        "Sales Growth QoQ": "-0.04178273688491252",
        "Sales": "1.8310391112455298",
        "GDP Growth QoQ": "0.0003327125026610922",
        "GDP": "1.7193991709807255"
    },
    {
        "Date": "2014-06-30",
        "S&P Sales Revenue": "2744271.0",
        "Nominal GDP": "17518.51",
        "Sales Growth QoQ": "0.0398877304986307",
        "Sales": "1.9040751058473437",
        "GDP Growth QoQ": "0.018651869373533803",
        "GDP": "1.7514691797188202"
    },
    {
        "Date": "2014-09-30",
        "S&P Sales Revenue": "2742647.0",
        "Nominal GDP": "17804.23",
        "Sales Growth QoQ": "-0.0005917782901178059",
        "Sales": "1.9029483155369495",
        "GDP Growth QoQ": "0.01630960623934352",
        "GDP": "1.7800349523803802"
    },
    {
        "Date": "2014-12-31",
        "S&P Sales Revenue": "2791748.0",
        "Nominal GDP": "17912.08",
        "Sales Growth QoQ": "0.017902777863866515",
        "Sales": "1.9370163765164266",
        "GDP Growth QoQ": "0.006057549245319871",
        "GDP": "1.790817601762815"
    },
    {
        "Date": "2015-03-31",
        "S&P Sales Revenue": "2565424.0",
        "Nominal GDP": "18063.53",
        "Sales Growth QoQ": "-0.08106892169350532",
        "Sales": "1.779984547569579",
        "GDP Growth QoQ": "0.008455187783886542",
        "GDP": "1.8059593008724089"
    },
    {
        "Date": "2015-06-30",
        "S&P Sales Revenue": "2647375.0",
        "Nominal GDP": "18279.78",
        "Sales Growth QoQ": "0.03194442712003931",
        "Sales": "1.8368451342242116",
        "GDP Growth QoQ": "0.011971635665896985",
        "GDP": "1.8275795876498915"
    },
    {
        "Date": "2015-09-30",
        "S&P Sales Revenue": "2640741.0",
        "Nominal GDP": "18401.63",
        "Sales Growth QoQ": "-0.0025058784645167753",
        "Sales": "1.8322422235597067",
        "GDP Growth QoQ": "0.006665835146812515",
        "GDP": "1.8397619318988452"
    },
    {
        "Date": "2015-12-31",
        "S&P Sales Revenue": "2695941.0",
        "Nominal GDP": "18435.14",
        "Sales Growth QoQ": "0.020903223754241695",
        "Sales": "1.8705419927307445",
        "GDP Growth QoQ": "0.0018210343322846434",
        "GDP": "1.8431122015400634"
    },
    {
        "Date": "2016-03-31",
        "S&P Sales Revenue": "2528319.0",
        "Nominal GDP": "18525.93",
        "Sales Growth QoQ": "-0.062175693014053346",
        "Sales": "1.754239748020822",
        "GDP Growth QoQ": "0.004924833768553016",
        "GDP": "1.85218922274944"
    },
    {
        "Date": "2016-06-30",
        "S&P Sales Revenue": "2630046.0",
        "Nominal GDP": "18711.7",
        "Sales Growth QoQ": "0.04023503363301861",
        "Sales": "1.824821643282818",
        "GDP Growth QoQ": "0.01002756676722849",
        "GDP": "1.870762173846101"
    },
    {
        "Date": "2016-09-30",
        "S&P Sales Revenue": "2690517.0",
        "Nominal GDP": "18892.64",
        "Sales Growth QoQ": "0.02299237351742134",
        "Sales": "1.866778624107851",
        "GDP Growth QoQ": "0.009669885686495627",
        "GDP": "1.8888522302138129"
    },
    {
        "Date": "2016-12-31",
        "S&P Sales Revenue": "2790104.0",
        "Nominal GDP": "19089.38",
        "Sales Growth QoQ": "0.037014075733399876",
        "Sales": "1.935875709478071",
        "GDP Growth QoQ": "0.010413579044538102",
        "GDP": "1.9085219422165964"
    },
    {
        "Date": "2017-03-31",
        "S&P Sales Revenue": "2691875.0",
        "Nominal GDP": "19280.08",
        "Sales Growth QoQ": "-0.035206214535372204",
        "Sales": "1.86772085393637",
        "GDP Growth QoQ": "0.009989847758282488",
        "GDP": "1.9275877858626818"
    },
    {
        "Date": "2017-06-30",
        "S&P Sales Revenue": "2765920.0",
        "Nominal GDP": "19438.64",
        "Sales Growth QoQ": "0.027506849315068527",
        "Sales": "1.9190959700282089",
        "GDP Growth QoQ": "0.008224032265426118",
        "GDP": "1.9434403300080578"
    },
    {
        "Date": "2017-09-30",
        "S&P Sales Revenue": "2826186.0",
        "Nominal GDP": "19692.6",
        "Sales Growth QoQ": "0.021788771909527327",
        "Sales": "1.9609107143916467",
        "GDP Growth QoQ": "0.01306469999958848",
        "GDP": "1.9688307948867143"
    },
    {
        "Date": "2017-12-31",
        "S&P Sales Revenue": "3000815.0",
        "Nominal GDP": "20037.09",
        "Sales Growth QoQ": "0.061789634510962754",
        "Sales": "2.0820746707425375",
        "GDP Growth QoQ": "0.017493373145242463",
        "GDP": "2.003272286641512"
    },
    {
        "Date": "2018-03-31",
        "S&P Sales Revenue": "2897785.0",
        "Nominal GDP": "20328.55",
        "Sales Growth QoQ": "-0.03433400592838942",
        "Sales": "2.010588706653914",
        "GDP Growth QoQ": "0.014546024397754431",
        "GDP": "2.0324119341983446"
    },
    {
        "Date": "2018-06-30",
        "S&P Sales Revenue": "2999781.0",
        "Nominal GDP": "20580.91",
        "Sales Growth QoQ": "0.035197918410095896",
        "Sales": "2.0813572439069787",
        "GDP Growth QoQ": "0.012414067899579662",
        "GDP": "2.057642433949399"
    },
    {
        "Date": "2018-09-30",
        "S&P Sales Revenue": "3042136.0",
        "Nominal GDP": "20798.73",
        "Sales Growth QoQ": "0.014119364046908833",
        "Sales": "2.1107446845453723",
        "GDP Growth QoQ": "0.010583594214250036",
        "GDP": "2.0794196865083414"
    },
    {
        "Date": "2018-12-31",
        "S&P Sales Revenue": "3109834.0",
        "Nominal GDP": "20917.87",
        "Sales Growth QoQ": "0.022253442975593396",
        "Sales": "2.1577160210189397",
        "GDP Growth QoQ": "0.005728234368156171",
        "GDP": "2.091331089822419"
    },
    {
        "Date": "2019-03-31",
        "S&P Sales Revenue": "2951619.0",
        "Nominal GDP": "21111.6",
        "Sales Growth QoQ": "-0.05087570590584578",
        "Sales": "2.047940695305248",
        "GDP Growth QoQ": "0.00926145922123034",
        "GDP": "2.1106998674289006"
    },
    {
        "Date": "2019-06-30",
        "S&P Sales Revenue": "3063177.0",
        "Nominal GDP": "21397.94",
        "Sales Growth QoQ": "0.03779552848792478",
        "Sales": "2.125343696196238",
        "GDP Growth QoQ": "0.01356315958998855",
        "GDP": "2.1393276265774066"
    },
    {
        "Date": "2019-09-30",
        "S&P Sales Revenue": "3101995.0",
        "Nominal GDP": "21717.17",
        "Sales Growth QoQ": "0.012672463915731846",
        "Sales": "2.152277037494813",
        "GDP Growth QoQ": "0.014918725821270629",
        "GDP": "2.1712436688801846"
    },
    {
        "Date": "2019-12-31",
        "S&P Sales Revenue": "3224860.0",
        "Nominal GDP": "21933.22",
        "Sales Growth QoQ": "0.03960838105799658",
        "Sales": "2.2375252465382833",
        "GDP Growth QoQ": "0.009948349623823072",
        "GDP": "2.192843960016717"
    },
    {
        "Date": "2020-03-31",
        "S&P Sales Revenue": "2970886.0",
        "Nominal GDP": "21727.66",
        "Sales Growth QoQ": "-0.07875504673071076",
        "Sales": "2.061308841186016",
        "GDP Growth QoQ": "-0.009372084901350664",
        "GDP": "2.1722924402480266"
    },
    {
        "Date": "2020-06-30",
        "S&P Sales Revenue": "2758648.0",
        "Nominal GDP": "19935.44",
        "Sales Growth QoQ": "-0.07143929454041653",
        "Sales": "1.9140503917417635",
        "GDP Growth QoQ": "-0.08248564272452719",
        "GDP": "1.9931095021285365"
    },
    {
        "Date": "2020-09-30",
        "S&P Sales Revenue": "3037293.0",
        "Nominal GDP": "21684.55",
        "Sales Growth QoQ": "0.10100781252265612",
        "Sales": "2.107384434869732",
        "GDP Growth QoQ": "0.08773872059006482",
        "GDP": "2.1679823798411952"
    },
    {
        "Date": "2020-12-31",
        "S&P Sales Revenue": "3286965.0",
        "Nominal GDP": "22068.77",
        "Sales Growth QoQ": "0.08220214513384128",
        "Sales": "2.2806159560376917",
        "GDP Growth QoQ": "0.01771860610434617",
        "GDP": "2.2063960056707645"
    },
    {
        "Date": "2021-03-31",
        "S&P Sales Revenue": "3283825.0",
        "Nominal GDP": "22656.79",
        "Sales Growth QoQ": "-0.000955288541253152",
        "Sales": "2.27843730974789",
        "GDP Growth QoQ": "0.02664489230709277",
        "GDP": "2.265185189628662"
    },
    {
        "Date": "2021-06-30",
        "S&P Sales Revenue": "3448606.0",
        "Nominal GDP": "23368.86",
        "Sales Growth QoQ": "0.05017959239606262",
        "Sales": "2.3927683652510203",
        "GDP Growth QoQ": "0.03142854746855139",
        "GDP": "2.336376669885966"
    },
    {
        "Date": "2021-09-30",
        "S&P Sales Revenue": "3559485.64",
        "Nominal GDP": "23921.99",
        "Sales Growth QoQ": "0.03215201736585738",
        "Sales": "2.4697006952830454",
        "GDP Growth QoQ": "0.023669532874089683",
        "GDP": "2.3916776142800877"
    },
    {
        "Date": "2021-12-31",
        "S&P Sales Revenue": "3805368.36",
        "Nominal GDP": "24777.04",
        "Sales Growth QoQ": "0.06907816040522063",
        "Sales": "2.6403030760646926",
        "GDP Growth QoQ": "0.03574326383381976",
        "GDP": "2.4771639782527415"
    },
    {
        "Date": "2022-03-31",
        "S&P Sales Revenue": "3713405.89",
        "Nominal GDP": "25215.49",
        "Sales Growth QoQ": "-0.024166509336299824",
        "Sales": "2.5764961671263142",
        "GDP Growth QoQ": "0.01769581838669998",
        "GDP": "2.520999422125977"
    },
    {
        "Date": "2022-06-30",
        "S&P Sales Revenue": "3917167.1",
        "Nominal GDP": "25805.79",
        "Sales Growth QoQ": "0.05487178510399793",
        "Sales": "2.7178731111301437",
        "GDP Growth QoQ": "0.023410213325221862",
        "GDP": "2.5800165563907074"
    },
    {
        "Date": "2022-09-30",
        "S&P Sales Revenue": "3984856.0",
        "Nominal GDP": "26272.01",
        "Sales Growth QoQ": "0.017280064462912526",
        "Sales": "2.764838133692489",
        "GDP Growth QoQ": "0.018066488179590667",
        "GDP": "2.626628395009888"
    },
    {
        "Date": "2022-12-31",
        "S&P Sales Revenue": "4035693.83",
        "Nominal GDP": "26734.28",
        "Sales Growth QoQ": "0.012757758373201034",
        "Sales": "2.80011127054315",
        "GDP Growth QoQ": "0.017595532279410797",
        "GDP": "2.6728453197203015"
    },
    {
        "Date": "2023-03-31",
        "S&P Sales Revenue": "3904562.0",
        "Nominal GDP": "27164.36",
        "Sales Growth QoQ": "-0.03249300752827433",
        "Sales": "2.7091272339493857",
        "GDP Growth QoQ": "0.016087210876821967",
        "GDP": "2.7158439460197688"
    },
    {
        "Date": "2023-06-30",
        "S&P Sales Revenue": "3985640.0",
        "Nominal GDP": "27453.82",
        "Sales Growth QoQ": "0.020764941112473068",
        "Sales": "2.765382101428542",
        "GDP Growth QoQ": "0.010655874093849382",
        "GDP": "2.7447836371670986"
    },
    {
        "Date": "2023-09-30",
        "S&P Sales Revenue": "4071694.0",
        "Nominal GDP": "27967.7",
        "Sales Growth QoQ": "0.021591011732118304",
        "Sales": "2.8250894988242754",
        "GDP Growth QoQ": "0.018717978044585415",
        "GDP": "2.7961604370247297"
    },
    {
        "Date": "2023-12-31",
        "S&P Sales Revenue": "4233848.0",
        "Nominal GDP": "28296.97",
        "Sales Growth QoQ": "0.03982470195451815",
        "Sales": "2.9375978461097914",
        "GDP Growth QoQ": "0.011773224112100689",
        "GDP": "2.8290802605032113"
    },
    {
        "Date": "2024-03-31",
        "S&P Sales Revenue": "4078668.0",
        "Nominal GDP": "28624.07",
        "Sales Growth QoQ": "-0.03665223692489672",
        "Sales": "2.829928313864109",
        "GDP Growth QoQ": "0.011559541533952222",
        "GDP": "2.8617831312773827"
    },
    {
        "Date": "2024-06-30",
        "S&P Sales Revenue": "4208784.0",
        "Nominal GDP": "29016.71",
        "Sales Growth QoQ": "0.031901591401898965",
        "Sales": "2.920207530629667",
        "GDP Growth QoQ": "0.013717126879580599",
        "GDP": "2.901038573590958"
    },
    {
        "Date": "2024-09-30",
        "S&P Sales Revenue": "4269795.0",
        "Nominal GDP": "",
        "Sales Growth QoQ": "0.014496110990728006",
        "Sales": "2.962539183109634",
        "GDP Growth QoQ": "0.0",
        "GDP": ""
    },
    {
        "Date": "2024-12-31",
        "S&P Sales Revenue": "4421463.0",
        "Nominal GDP": "",
        "Sales Growth QoQ": "0.03552114328673861",
        "Sales": "3.067771961925449",
        "GDP Growth QoQ": "0.0",
        "GDP": ""
    },
    {
        "Date": "2025-03-31",
        "S&P Sales Revenue": "4300297.0",
        "Nominal GDP": "",
        "Sales Growth QoQ": "-0.027404051554881237",
        "Sales": "2.983702580922225",
        "GDP Growth QoQ": "0.0",
        "GDP": ""
    },
    {
        "Date": "2025-06-30",
        "S&P Sales Revenue": "4433265.0",
        "Nominal GDP": "",
        "Sales Growth QoQ": "0.030920655015223453",
        "Sales": "3.075960619094953",
        "GDP Growth QoQ": "0.0",
        "GDP": ""
    },
    {
        "Date": "2025-09-30",
        "S&P Sales Revenue": "4541919.0",
        "Nominal GDP": "",
        "Sales Growth QoQ": "0.024508798819831368",
        "Sales": "3.151348719086075",
        "GDP Growth QoQ": "0.0",
        "GDP": ""
    },
    {
        "Date": "2025-12-31",
        "S&P Sales Revenue": "4709139.0",
        "Nominal GDP": "",
        "Sales Growth QoQ": "0.03681703702774097",
        "Sales": "3.2673720415639913",
        "GDP Growth QoQ": "0.0",
        "GDP": ""
    },
    {
        "Date": "2026-03-31",
        "S&P Sales Revenue": "4551998.0",
        "Nominal GDP": "",
        "Sales Growth QoQ": "-0.033369369644854374",
        "Sales": "3.15834189614178",
        "GDP Growth QoQ": "0.0",
        "GDP": ""
    }
]